%% This BibTeX bibliography file was created using BibDesk.
%% http://bibdesk.sourceforge.net/


%% Created for Seth Hillbrand at 2018-01-15 12:23:40 -0800 


%% Saved with string encoding Unicode (UTF-8) 



@inproceedings{Medrano:2010aa,
	Author = {Medrano, C and Plaza, I and Castro, M and Garc{\'\i}a-Sevilla, Francisco and Mart{\'\i}nez-Calero, JD and Felix, Josep Pou and Corbal{\'a}n, M},
	Booktitle = {Education Engineering (EDUCON), 2010 IEEE},
	Date-Added = {2018-01-15 20:23:38 +0000},
	Date-Modified = {2018-01-15 20:23:39 +0000},
	Organization = {IEEE},
	Pages = {1867--1871},
	Title = {A review of electronic engineering design free software tools},
	Year = {2010}}

@article{Iva-Raynova:2017aa,
	Author = {by Iva Raynova and Stefania Pandolfi},
	Date-Added = {2018-01-15 19:45:48 +0000},
	Date-Modified = {2018-01-15 19:45:51 +0000},
	Month = {Jul},
	Title = {{KiCad reaches new heights }},
	Url = {http://cds.cern.ch/record/2276570},
	Year = {2017},
	Bdsk-Url-1 = {http://cds.cern.ch/record/2276570}}
